@Book{Pelkey,
  author =	 {Pelkey, James},
  title =	 {Entrepreneurial Capitalism and Innovation: A History of Computer Communications, 1968-1988},
  Publisher =    {Computer History Museum},
  year =	 {1989},
  url =          {http://www.historyofcomputercommunications.info/}
}

@Book{PelkeyChap6s7,
  author =	 {Pelkey, James},
  title =	 {Entrepreneurial Capitalism and Innovation: A History of Computer Communications, 1968-1988},
  Publisher =    {Computer History Museum},
  year =	 {1989},
  url =          {http://www.historyofcomputercommunications.info/Book/6/6.7-EthernetRobertMetcalfeXeroxPARC71-75.html}
}

@Book{PelkeyChap6s8,
  author =	 {Pelkey, James},
  title =	 {Entrepreneurial Capitalism and Innovation: A History of Computer Communications, 1968-1988},
  Publisher =    {Computer History Museum},
  year =	 {1989},
  url =          {http://www.historyofcomputercommunications.info/Book/6.8-MIT74-77.html}
}
