@Article{MetcalfeBoggsACM1976,
  author =	 {Metcalfe, Robert M.;Boggs, David R.},
  title =	 {Ethernet: Distributed Packet Switching for Local Computer Networks},
  journal =	 {Communications of the ACM},
  institution =  {XEROX Palo Alto Research Center},
  year =	 {1976},
  month =	 {July},
  volume =	 {19},
  number =	 {7},
  pages =	 {395}
}

@Article{FranaszekWidmer1983,
  author =	 {Widmer, A. X.;Franaszek, P. A.},
  title =	 {A DC-balanced, Partitioned-Block, 8B/10B Transmission Code},
  journal =	 {IBM Journal of Research and Development},
  year =	 {1983},
  OPTvolume =	 {27},
  OPTnumber =	 {5},
  OPTpages =	 {440},
  OPTmonth =	 {September},
}
