@techreport{rfc826,
   AUTHOR = "Plummer, D",
   TITLE = "{An Ethernet Address Resolution Protocol
			    -- or --
	      Converting Network Protocol Addresses}",
   HOWPUBLISHED = {Internet Requests for Comments},
   TYPE="{RFC}",
   NUMBER=826,
   YEAR = {1982},
   PUBLISHER = "{RFC Editor}",
   INSTITUTION = "{RFC Editor}",
   URL={http://www.rfc-editor.org/rfc/rfc826.txt}
}

@techreport{rfc1042,
   AUTHOR = "Postel, J; Reynolds, J",
   TITLE = "{A Standard for the Transmission of IP Datagrams over IEEE 802 Networks}",
   HOWPUBLISHED = {Internet Requests for Comments},
   TYPE="{RFC}",
   NUMBER=1042,
   YEAR = {1988},
   PUBLISHER = "{RFC Editor}",
   INSTITUTION = "{RFC Editor}",
   URL={http://www.rfc-editor.org/rfc/rfc1042.txt}
}

 @techreport{rfc1188,
   AUTHOR = "Katz, D",
   TITLE = "{A Proposed Standard for the Transmission of IP Datagrams over FDDI Networks}",
   HOWPUBLISHED = {Draft Standard},
   TYPE="{RFC}",
   NUMBER=1188,
   YEAR = {1990},
   PUBLISHER = "{RFC Editor}",
   INSTITUTION = "{RFC Editor}",
   URL={http://www.rfc-editor.org/rfc/rfc1188.txt}
}

@techreport{rfc1469,
   AUTHOR = "Pusateri, T",
   TITLE = "{IP Multicast over Token-Ring Local Area Networks}",
   HOWPUBLISHED = {Internet Requests for Comments},
   TYPE="{RFC}",
   NUMBER=1469,
   YEAR = {1993},
   PUBLISHER = "{RFC Editor}",
   INSTITUTION = "{RFC Editor}",
   URL={http://www.rfc-editor.org/rfc/rfc1469.txt}
}

@techreport{rfc7042,
   AUTHOR = {Eastlake, D; Abley, J.},
   TITLE = "{IANA Considerations and IETF Protocol and Documentation Usage for IEEE 802 Parameters}",
   HOWPUBLISHED = {Internet Requests for Comments},
   TYPE="{RFC}",
   NUMBER=7042,
   YEAR = {2013},
   PUBLISHER = "{RFC Editor}",
   INSTITUTION = "{RFC Editor}",
   URL={http://www.rfc-editor.org/rfc/rfc7042.txt}
}
