@TECHREPORT{draft-ipng-gseaddr-00.txt,
   AUTHOR="M. O'Dell",
   TITLE="{GSE: An Alternate Addressing Architecture for IPv6}",
   HOWPUBLISHED="{Working Draft}",
   TYPE="{Internet-Draft}",
   NUMBER="draft-ipng-gseaddr-00.txt",
   INSTITUTION="{IETF Secretariat}",
   DAY=24,
   MONTH=Feb,
   YEAR=1997
   }
